<record><leader>00000cas a22000007a 4500</leader><controlfield tag="001">51102058</controlfield><controlfield tag="008">021202d19962006gauwr n       0    0eng c</controlfield><datafield ind1=" " ind2=" " tag="010"><subfield code="a">  2002233188</subfield></datafield><datafield ind1=" " ind2=" " tag="040"><subfield code="a">NLG</subfield><subfield code="b">eng</subfield><subfield code="c">NLG</subfield><subfield code="d">GUA</subfield><subfield code="d">OCLCQ</subfield><subfield code="d">OCLCF</subfield><subfield code="d">OCLCO</subfield><subfield code="d">GUA</subfield></datafield><datafield ind1=" " ind2=" " tag="042"><subfield code="a">pcc</subfield></datafield><datafield ind1=" " ind2=" " tag="043"><subfield code="a">n-us-ga</subfield></datafield><datafield ind1="0" ind2="0" tag="245"><subfield code="a">White County news-telegraph.</subfield></datafield><datafield ind1="3" ind2="0" tag="246"><subfield code="a">News-telegraph</subfield></datafield><datafield ind1=" " ind2=" " tag="260"><subfield code="a">Athens, GA :</subfield><subfield code="b">Community Newspapers, Inc.,</subfield><subfield code="c">1996-</subfield></datafield><datafield ind1=" " ind2=" " tag="300"><subfield code="a">v.</subfield></datafield><datafield ind1=" " ind2=" " tag="310"><subfield code="a">Weekly</subfield></datafield><datafield ind1="0" ind2=" " tag="362"><subfield code="a">Vol. 29, no. 34 (Dec. 26, 1996)-</subfield></datafield><datafield ind1="1" ind2=" " tag="362"><subfield code="a">Ceased with May 18, 2006.</subfield></datafield><datafield ind1=" " ind2=" " tag="525"><subfield code="a">Has supplements titled: Winter in warrior country, Jan. 5, 2006; Health services guide, Feb. 23, 2006; Annual Home &amp; Garden Expo, April 20, 2006; Business Expo, May 11, 2006.</subfield></datafield><datafield ind1=" " ind2=" " tag="525"><subfield code="a">Has supplements titled: White County Chamber of Commerce. The Chamber advocate, &lt;Feb. 27, 2006&gt;; Truett-McConnell College. Torchlight, &lt;Jan. 12, 2006, April 13, 2006&gt;. Unclear whether either of these titles were ever published separately.</subfield></datafield><datafield ind1=" " ind2=" " tag="530"><subfield code="a">Also on microfilm: Athens, Ga. : University of Georgia Libraries.</subfield></datafield><datafield ind1=" " ind2=" " tag="580"><subfield code="a">Formed by the union of: White County news (Cleveland, Ga. : 1968), and: Telegraph (Cleveland, Ga.) and continues the numbering of the former.</subfield></datafield><datafield ind1=" " ind2=" " tag="588"><subfield code="a">Latest issue consulted: May 18, 2006.</subfield></datafield><datafield ind1=" " ind2="0" tag="651"><subfield code="a">Cleveland (Ga.)</subfield><subfield code="v">Newspapers.</subfield></datafield><datafield ind1=" " ind2="0" tag="651"><subfield code="a">White County (Ga.)</subfield><subfield code="v">Newspapers.</subfield></datafield><datafield ind1=" " ind2="7" tag="651"><subfield code="a">Georgia</subfield><subfield code="z">Cleveland.</subfield><subfield code="2">fast</subfield><subfield code="0">(OCoLC)fst01300052</subfield></datafield><datafield ind1=" " ind2="7" tag="651"><subfield code="a">Georgia</subfield><subfield code="z">White County.</subfield><subfield code="2">fast</subfield><subfield code="0">(OCoLC)fst01216961</subfield></datafield><datafield ind1=" " ind2="7" tag="655"><subfield code="a">Newspapers.</subfield><subfield code="2">fast</subfield><subfield code="0">(OCoLC)fst01423814</subfield></datafield><datafield ind1="0" ind2="2" tag="740"><subfield code="a">Winter in warrior country.</subfield></datafield><datafield ind1="0" ind2="2" tag="740"><subfield code="a">Chamber advocate.</subfield></datafield><datafield ind1="0" ind2="2" tag="740"><subfield code="a">Torchlight.</subfield></datafield><datafield ind1="0" ind2="2" tag="740"><subfield code="a">Health services guide.</subfield></datafield><datafield ind1="0" ind2="2" tag="740"><subfield code="a">Annual Home &amp; Garden Expo.</subfield></datafield><datafield ind1="0" ind2="2" tag="740"><subfield code="a">Business Expo.</subfield></datafield><datafield ind1=" " ind2=" " tag="752"><subfield code="a">United States</subfield><subfield code="b">Georgia</subfield><subfield code="c">White.</subfield></datafield><datafield ind1="1" ind2="4" tag="780"><subfield code="t">White County news (Cleveland, Ga. : 1968)</subfield><subfield code="w">(DLC)sn 89053540</subfield><subfield code="w">(OCoLC)20280714</subfield></datafield><datafield ind1="1" ind2="4" tag="780"><subfield code="t">Telegraph (Cleveland, Ga.)</subfield><subfield code="w">(DLC)sn 89053353</subfield><subfield code="w">(OCoLC)19550080</subfield></datafield><datafield ind1="0" ind2="0" tag="785"><subfield code="t">White County News (Cleveland, Ga. : 2006)</subfield></datafield><datafield ind1="1" ind2=" " tag="029"><subfield code="a">AU@</subfield><subfield code="b">000024245806</subfield></datafield></record>